@article{Bouabdallah,
  title={Full control of a quadrotor},
  author={Samir Bouabdallah and Roland Y. Siegwart},
  journal={2007 IEEE/RSJ International Conference on Intelligent Robots and Systems},
  year={2007},
  pages={153-158},
  url={https://api.semanticscholar.org/CorpusID:17184656}
}

@misc{boids, title={Boids (Flocks, Herds, and Schools: a Distributed Behavioral Model)}, url={https://www.red3d.com/cwr/boids/}, journal={Red3d.com}, year={2024}, author={Craig W. Reynolds} }

‌@misc{rafaelkuebler_2018, title={GitHub - RafaelKuebler/Flocking: 2D Flocking in the Unity3D game engine using Craig Reynolds’ boids}, url={https://github.com/RafaelKuebler/Flocking}, journal={GitHub}, author={RafaelKuebler}, year={2018} }

‌