@article{Hattenberger,
author = {Gautier Hattenberger and Murat Bronz and Jean-Philippe Condomines},
title ={Evaluation of drag coefficient for a quadrotor model},

journal = {International Journal of Micro Air Vehicles},
volume = {15},
number = {},
pages = {4},
year = {2023},
doi = {10.1177/17568293221148378},
URL = {https://doi.org/10.1177/17568293221148378}
}


@article{Figliozzi,
	author = {Miguel Figliozzi},
	journal = {Transportation Research Part D: Transport and Environment},
	pages = {3},
	title = {Multicopter drone mass distribution impacts on viability, performance, and sustainability},
	volume = {121},
	year = {2023}
}

@ARTICLE{Thamm,
       author = {{Thamm}, F. -P. and {Brieger}, N. and {Neitzke}, K. -P. and {Meyer}, M. and {Jansen}, R. and {M{\"o}nninghof}, M.},
        title = "{Songbird - AN Innovative Uas Combining the Advantages of Fixed Wing and Multi Rotor Uas}",
      journal = {ISPRS - International Archives of the Photogrammetry, Remote Sensing and Spatial Information Sciences},
     keywords = {Earth Science},
         year = 2015,
        month = aug,
       volume = {XL1},
        pages = {345},
          doi = {10.5194/isprsarchives-XL-1-W4-345-2015},
       adsurl = {https://ui.adsabs.harvard.edu/abs/2015ISPAr.XL1..345T},
      adsnote = {Provided by the SAO/NASA Astrophysics Data System}
}

